<?xml version="1.0" encoding="utf-8"?>
<record xmlns="http://www.loc.gov/MARC21/slim" xmlns:xsi="http://www.w3.org/2001/XMLSchema-instance" xsi:schemaLocation="http://www.loc.gov/MARC21/slim http://www.loc.gov/standards/marcxml/schema/MARC21slim.xsd">
	<leader>     nam a22     Mi 4500</leader>
	<controlfield tag="001">2790900</controlfield>
	<controlfield tag="003">NjP</controlfield>
	<controlfield tag="006">m        d        </controlfield>
	<controlfield tag="007">cr cn |||m|||a</controlfield>
	<controlfield tag="008">210212s1918    mr      o     000 0cara d</controlfield>
	<datafield ind1=" " ind2=" " tag="040">
		<subfield code="a">ZYU</subfield>
		<subfield code="b">ara</subfield>
		<subfield code="e">rda</subfield>
		<subfield code="c">ZYU</subfield>
	</datafield>
	<datafield ind1=" " ind2=" " tag="043">
		<subfield code="a">f-mr---</subfield>
	</datafield>
	<datafield ind1="1" ind2=" " tag="100">
		<subfield code="6">880-01</subfield>
		<subfield code="a">Muwaqqit, Muḥammad bin Muḥammad bin ʻAbd Allāh.</subfield>
	</datafield>
	<datafield ind1="1" ind2="0" tag="240">
		<subfield code="6">880-02</subfield>
		<subfield code="a">Saʻādah al-abadīyah fī al-taʻrīf al-mashāhīr al-ḥaḍrah al-Marrākushīyah</subfield>
	</datafield>
	<datafield ind1="1" ind2="3" tag="245">
		<subfield code="6">880-03</subfield>
		<subfield code="a">al-Juzʼ al-awwal[-al-juzʼ al-thānī] min al-Saʻādah al-abadīyah fī al-taʻrīf al-mashāhīr al-ḥaḍrah al-Marrākushīyah /</subfield>
		<subfield code="c">lil-faqīr Muḥammad bin Muḥammad bin ʻAbd Allāh al-madʻū bi-Ibn Muwaqqat.</subfield>
	</datafield>
	<datafield ind1="3" ind2="0" tag="246">
		<subfield code="6">880-04</subfield>
		<subfield code="a">Saʻādah al-abadīyah fī al-taʻrīf al-mashāhīr al-ḥaḍrah al-Marrākushīyah</subfield>
	</datafield>
	<datafield ind1=" " ind2=" " tag="260">
		<subfield code="6">880-05</subfield>
		<subfield code="a">[Fès] :</subfield>
		<subfield code="b">Kātibat Ismāʻīl bin al-Maʼmūn al-Idrīsī al-Qayṭūnī,</subfield>
		<subfield code="c">1336 [1918]</subfield>
	</datafield>
	<datafield ind1=" " ind2=" " tag="300">
		<subfield code="a">online resource (2 volumes in 1)</subfield>
	</datafield>
	<datafield ind1=" " ind2=" " tag="336">
		<subfield code="a">text</subfield>
		<subfield code="2">rdacontent</subfield>
	</datafield>
	<datafield ind1=" " ind2=" " tag="337">
		<subfield code="a">computer</subfield>
		<subfield code="2">rdamedia</subfield>
	</datafield>
	<datafield ind1=" " ind2=" " tag="338">
		<subfield code="a">online resource</subfield>
		<subfield code="2">rdacarrier</subfield>
	</datafield>
	<datafield ind1=" " ind2=" " tag="500">
		<subfield code="a">Caption title.</subfield>
	</datafield>
	<datafield ind1=" " ind2=" " tag="500">
		<subfield code="a">Part of the Arabic Collections Online (ACO) project, contributed by Princeton University Libraries.</subfield>
	</datafield>
	<datafield ind1=" " ind2=" " tag="533">
		<subfield code="a">Electronic reproduction.</subfield>
		<subfield code="b">New York, N.Y. :</subfield>
		<subfield code="c">New York University,</subfield>
		<subfield code="d">2021.</subfield>
		<subfield code="5">NNU</subfield>
	</datafield>
	<datafield ind1=" " ind2="0" tag="651">
		<subfield code="a">Marrakech (Morocco)</subfield>
		<subfield code="v">Biography.</subfield>
	</datafield>
	<datafield ind1=" " ind2="0" tag="651">
		<subfield code="a">Marrakech (Morocco)</subfield>
		<subfield code="x">History.</subfield>
	</datafield>
	<datafield ind1=" " ind2="0" tag="650">
		<subfield code="a">Arabs</subfield>
		<subfield code="v">Biography.</subfield>
	</datafield>
	<datafield ind1=" " ind2="7" tag="650">
		<subfield code="a">Arabs.</subfield>
		<subfield code="2">fast</subfield>
		<subfield code="0">(OCoLC)fst00812576</subfield>
	</datafield>
	<datafield ind1=" " ind2="7" tag="651">
		<subfield code="a">Morocco</subfield>
		<subfield code="z">Marrakech.</subfield>
		<subfield code="2">fast</subfield>
		<subfield code="0">(OCoLC)fst01211165</subfield>
	</datafield>
	<datafield ind1=" " ind2="7" tag="655">
		<subfield code="a">Biographies.</subfield>
		<subfield code="2">fast</subfield>
		<subfield code="0">(OCoLC)fst01919896</subfield>
	</datafield>
	<datafield ind1=" " ind2="7" tag="655">
		<subfield code="a">History.</subfield>
		<subfield code="2">fast</subfield>
		<subfield code="0">(OCoLC)fst01411628</subfield>
	</datafield>
	<datafield ind1=" " ind2="7" tag="655">
		<subfield code="a">Lithographs</subfield>
		<subfield code="z">Morocco</subfield>
		<subfield code="z">Fès</subfield>
		<subfield code="y">1918.</subfield>
		<subfield code="2">gmgpc</subfield>
	</datafield>
	<datafield ind1="2" ind2=" " tag="710">
		<subfield code="a">Princeton University.</subfield>
		<subfield code="b">Library.</subfield>
	</datafield>
	<datafield ind1="0" ind2=" " tag="730">
		<subfield code="a">Arabic Collections Online.</subfield>
	</datafield>
	<datafield ind1="0" ind2="8" tag="776">
		<subfield code="i">Online version:</subfield>
		<subfield code="a">Muwaqqat, Muḥammad bin Muḥammad bin ʻAbd Allāh.</subfield>
		<subfield code="s">Saʻādah al-abadīyah fī al-taʻrīf al-mashāhīr al-ḥaḍrah al-Marrākushīyah.</subfield>
		<subfield code="t">Juzʼ al-awwal[-al-juzʼ al-thānī] min al-Saʻādah al-abadīyah fī al-taʻrīf al-mashāhīr al-ḥaḍrah al-Marrākushīyah.</subfield>
		<subfield code="d">[Fès] : Kātibat Ismāʻīl bin al-Maʼmūn al-Idrīsī al-Qayṭūnī, 1336 [1918]</subfield>
		<subfield code="w">(OCoLC)656580012</subfield>
	</datafield>
	<datafield ind1="0" ind2="8" tag="776">
		<subfield code="i">Print version:</subfield>
		<subfield code="a">Muwaqqit, Muḥammad bin Muḥammad bin ʻAbd Allāh.</subfield>
		<subfield code="t">al-Juzʼ al-awwal[-al-juzʼ al-thānī] min al-Saʻādah al-abadīyah fī al-taʻrīf al-mashāhīr al-ḥaḍrah al-Marrākushīyah</subfield>
		<subfield code="w">(NjP)2790900</subfield>
		<subfield code="w">(OCoLC)78114830</subfield>
	</datafield>
	<datafield ind1="4" ind2="0" tag="856">
		<subfield code="u">http://hdl.handle.net/2333.1/xwdbs56s</subfield>
	</datafield>
	<datafield ind1="1" ind2=" " tag="880">
		<subfield code="6">100-01</subfield>
		<subfield code="a">موقت، محمد بن محمد بن عبد الله.</subfield>
	</datafield>
	<datafield ind1="1" ind2="0" tag="880">
		<subfield code="6">240-02</subfield>
		<subfield code="a">سعادة الابدية في التعريف المشاهير الحضرة المراكشية</subfield>
	</datafield>
	<datafield ind1="1" ind2="2" tag="880">
		<subfield code="6">245-03</subfield>
		<subfield code="a">الجزء الاول[الجزء الثاني] من السعادة الابدية في التعريف المشاهير الحضرة المراكشية /</subfield>
		<subfield code="c">للفقير محمد بن محمد بن عبد الله المدعوا بابن موقة.</subfield>
	</datafield>
	<datafield ind1="3" ind2="0" tag="880">
		<subfield code="6">246-04</subfield>
		<subfield code="a">سعادة الابدية في التعريف المشاهير الحضرة المراكشية</subfield>
	</datafield>
	<datafield ind1=" " ind2=" " tag="880">
		<subfield code="6">260-05</subfield>
		<subfield code="a">[فاس] :</subfield>
		<subfield code="b">كاتبة اسماعيل بن المأمون الادريسي القيطوني،</subfield>
		<subfield code="c">1336 [1918]</subfield>
	</datafield>
	<datafield ind1=" " ind2=" " tag="959">
		<subfield code="a">NNU</subfield>
		<subfield code="b">WEB</subfield>
		<subfield code="c">GENI</subfield>
		<subfield code="t">0</subfield>
		<subfield code="m">Electronic access</subfield>
		<subfield code="s">01</subfield>
	</datafield>
	<datafield ind1=" " ind2=" " tag="999">
		<subfield code="i">NjP_2790900</subfield>
		<subfield code="o">(OCoLC)ocm78114830</subfield>
		<subfield code="s">princeton_aco002483</subfield>
		<subfield code="e">(ERROR-880)(ERROR-MISC)</subfield>
		<subfield code="s">princeton_aco002483</subfield>
	</datafield>
</record>
